@article{yang2010efficient,
  title={An efficient path planning and control algorithm for {RUAV}s in unknown and cluttered environments},
  author={Yang, Kwangjin and Gan, Seng Keat and Sukkarieh, Salah},
  journal={Journal of Intelligent and Robotic Systems},
  volume={57},
  number={1-4},
  pages={101--122},
  year={2010},
  publisher={Springer}
}
@inproceedings{clifton2008evaluating,
  title={Evaluating performance of multiple RRTs},
  author={Clifton, Matthew and Paul, Gavin and Kwok, Ngai and Liu, Dikai and Wang, D-L},
  booktitle={Mechtronic and Embedded Systems and Applications, 2008. MESA 2008. IEEE/ASME International Conference on},
  pages={564--569},
  year={2008},
  organization={IEEE}
}

@article{bouabdallah2007design,
  title={Design and control of quadrotors with application to autonomous flying},
  author={Bouabdallah, Samir},
  journal={Lausanne Polytechnic University},
  year={2007}
}